@inproceedings{kakade2002approximately,
  title={Approximately optimal approximate reinforcement learning},
  author={Kakade, Sham and Langford, John},
  year = {2002}
}

@inproceedings{pirotta2013safe,
  title={Safe policy iteration},
  author={Pirotta, Matteo and Restelli, Marcello and Pecorino, Alessio and Calandriello, Daniele},
  booktitle={International Conference on Machine Learning},
  pages={307--315},
  year={2013}
}

@inproceedings{pirotta2013adaptive,
  title={Adaptive step-size for policy gradient methods},
  author={Pirotta, Matteo and Restelli, Marcello and Bascetta, Luca},
  booktitle={Advances in Neural Information Processing Systems},
  pages={1394--1402},
  year={2013}
}


@article{altman1998constrained,
  title={Constrained Markov decision processes with total cost criteria: Lagrangian approach and dual linear program},
  author={Altman, Eitan},
  journal={Mathematical methods of operations research},
  volume={48},
  number={3},
  pages={387--417},
  year={1998},
  publisher={Springer}
}

@inproceedings{schulman2015trust,
  title={Trust region policy optimization},
  author={Schulman, John and Levine, Sergey and Abbeel, Pieter and Jordan, Michael and Moritz, Philipp},
  booktitle={International Conference on Machine Learning},
  pages={1889--1897},
  year={2015}
}


@inproceedings{Thomas2015HighConf,
  title={High confidence policy improvement},
  author={Thomas, Philip and Theocharous, Georgios and Ghavamzadeh, Mohammad},
  booktitle={International Conference on Machine Learning},
  pages={2380--2388},
  year={2015}
}


@inproceedings{Thomas2015HighConfOff,
  title={High-Confidence Off-Policy Evaluation},
  author={Thomas, Philip S and Theocharous, Georgios and Ghavamzadeh, Mohammad},
  booktitle={AAAI},
  pages={3000--3006},
  year={2015}
}

@inproceedings{achiam2017constrained,
  title={Constrained Policy Optimization},
  author={Achiam, Joshua and Held, David and Tamar, Aviv and Abbeel, Pieter},
  booktitle={International Conference on Machine Learning},
  pages={22--31},
  year={2017}
}

@article{chow2018lyapunov,
  title={A Lyapunov-based Approach to Safe Reinforcement Learning},
  author={Chow, Yinlam and Nachum, Ofir and Duenez-Guzman, Edgar and Ghavamzadeh, Mohammad},
  journal={arXiv preprint arXiv:1805.07708},
  year={2018}
}



@inproceedings{berkenkamp,
title = {Safe Model-based Reinforcement Learning with Stability Guarantees},
author = {Berkenkamp, Felix and Turchetta, Matteo and Schoellig, Angela and Krause, Andreas},
booktitle = {Advances in Neural Information Processing Systems 30},
pages = {908--918},
year = {2017},
url = {http://papers.nips.cc/paper/6692-safe-model-based-reinforcement-learning-with-stability-guarantees.pdf}
}

@article{garcia2015comprehensive,
  title={A comprehensive survey on safe reinforcement learning},
  author={Garc{\i}a, Javier and Fern{\'a}ndez, Fernando},
  journal={Journal of Machine Learning Research},
  volume={16},
  number={1},
  pages={1437--1480},
  year={2015}
}

@inproceedings{ghavamzadeh2016safe,
  title={Safe policy improvement by minimizing robust baseline regret},
  author={Ghavamzadeh, Mohammad and Petrik, Marek and Chow, Yinlam},
  booktitle={Advances in Neural Information Processing Systems},
  pages={2298--2306},
  year={2016}
}